% inproceedings, books, articles and techreports

@inproceedings{abadi1989dts,
  author = {Abadi, M. and Cardelli, L. and Pierce, B. and Plotkin, G.},
  title = {{Dynamic Typing in a Statically Typed Language}},
  booktitle = {{Proceedings of the 16th ACM SIGPLAN-SIGACT
               Symposium on Principles of Programming Languages}},
  series = {POPL 1989},
  year = {1989},
  isbn = {0-89791-294-2},
  location = {Austin, Texas, USA},
  pages = {213--227},
  numpages = {15},
  url = {http://doi.acm.org/10.1145/75277.75296},
  doi = {10.1145/75277.75296},
  acmid = {75296},
  publisher = {ACM},
  address = {New York, NY, USA},
}

@inproceedings{ahmed2011bfa,
  author = {Ahmed, Amal and Findler, Robert Bruce and Siek, Jeremy G. and Wadler, Philip},
  title = {{Blame for All}},
  booktitle = {{Proceedings of the 38th annual ACM SIGPLAN-SIGACT
               Symposium on Principles of Programming Languages}},
  series = {POPL 2011},
  year = {2011},
  isbn = {978-1-4503-0490-0},
  location = {Austin, Texas, USA},
  pages = {201--214},
  numpages = {14},
  url = {http://doi.acm.org/10.1145/1926385.1926409},
  doi = {10.1145/1926385.1926409},
  acmid = {1926409},
  publisher = {ACM},
  address = {New York, NY, USA},
  keywords = {blame tracking, casts, coercions, lambda-calculus},
}

@inproceedings{allende2013cis,
  author = {Esteban Allende and Johan Fabry and {\'E}ric Tanter},
  title = {{Cast Insertion Strategies for Gradually-Typed Objects}},
  note = {To appear},
  urlpdf = {http://pleiad.dcc.uchile.cl/papers/2013/allendeAl-dls2013.pdf},
  key = {DLS 2013},
  booktitle = {{Proceedings of the 9th {ACM} Dynamic Languages Symposium (DLS 2013)}},
  year = 2013,
  address = {Indianapolis, IN, USA},
  month = oct,
  publisher = {ACM Press},
}

@article{allende2013gts,
  author = {Esteban Allende and Oscar Calla{\'u} and Johan Fabry and {\'E}ric Tanter and Marcus Denker},
  title = {{Gradual Typing for Smalltalk}},
  journal = {Science of Computer Programming},
  publisher = {Elsevier},
  note = {Available online},
  urldoi = {http://dx.doi.org/10.1016/j.scico.2013.06.006},
  urlpdf = {http://pleiad.dcc.uchile.cl/papers/2013/allendeAl-scp2013.pdf},
  users = {eallende , ocallau , jfabry , etanter},
  year = 2013,
  month = aug,
}

@inproceedings{anderson2002babyj,
  author = {Christopher Anderson and Sophia Drossopoulou},
  title = {{BabyJ: From Object Based to Class Based Programming via Types}},
  booktitle = {WOOD â€™03},
  year = {2002},
  pages = {53--81},
  publisher = {Elsevier}
}

@inproceedings{bierman2010adt,
  author = {Bierman, Gavin and Meijer, Erik and Torgersen, Mads},
  title = {Adding dynamic types to C},
  booktitle = {{Proceedings of the 24th European Conference on Object-Oriented Programming}},
  series = {ECOOP 2010},
  year = {2010},
  isbn = {3-642-14106-4, 978-3-642-14106-5},
  location = {Maribor, Slovenia},
  pages = {76--100},
  numpages = {25},
  url = {http://dl.acm.org/citation.cfm?id=1883978.1883986},
  acmid = {1883986},
  publisher = {Springer-Verlag},
  address = {Berlin, Heidelberg},
} 

@mastersthesis{bonnaire-sergeant2012typed-clojure,
  author = {Bonnaire-Sergeant, Ambrose},
  title = {{A Practical Optional Type System for Clojure}},
  school = {University of Western Australia},
  year = {2012},
}

@inproceedings{bracha1993strongtalk,
  author = {Bracha, Gilad and Griswold, David},
  title = {{Strongtalk: Typechecking Smalltalk in a Production Environment}},
  booktitle = {{Proceedings of the eighth annual Conference on Object-Oriented
               Programming Systems, Languages, and Applications}},
  series = {OOPSLA 1993},
  year = {1993},
  isbn = {0-89791-587-9},
  location = {Washington, D.C., USA},
  pages = {215--230},
  numpages = {16},
  url = {http://doi.acm.org/10.1145/165854.165893},
  doi = {10.1145/165854.165893},
  acmid = {165893},
  publisher = {ACM},
  address = {New York, NY, USA},
}

@inproceedings{bracha1996strongtalk,
  author = {Bracha, Gilad},
  title = {{The Strongtalk Type System for Smalltalk}},
  booktitle = {{Workshop on Extending the Smalltalk Language}},
  series = {OOPSLA},
  year = {1996}, 
}

@inproceedings{bracha2004pluggable,
  author = {Gilad Bracha},
  title = {{Pluggable Type Systems}},
  booktitle = {OOPSLA 2004 Workshop on Revival of Dynamic Languages},
  month = {October},
  year = {2004},
}

@inproceedings{cartwright1991soft,
  author = {Cartwright, Robert and Fagan, Mike},
  title = {{Soft Typing}},
  booktitle = {{Proceedings of the ACM SIGPLAN 1991 Conference on
               Programming Language Design and Implementation}},
  series = {PLDI 1991},
  year = {1991},
  isbn = {0-89791-428-7},
  location = {Toronto, Ontario, Canada},
  pages = {278--292},
  numpages = {15},
  url = {http://doi.acm.org/10.1145/113445.113469},
  doi = {10.1145/113445.113469},
  acmid = {113469},
  publisher = {ACM},
  address = {New York, NY, USA},
}

@inproceedings{findler2002chf,
  author = {Findler, Robert Bruce and Felleisen, Matthias},
  title = {{Contracts for Higher-Order Functions}},
  booktitle = {{Proceedings of the seventh ACM SIGPLAN
               International Conference on Functional Programming}},
  series = {ICFP 2002},
  year = {2002},
  isbn = {1-58113-487-8},
  location = {Pittsburgh, PA, USA},
  pages = {48--59},
  numpages = {12},
  url = {http://doi.acm.org/10.1145/581478.581484},
  doi = {10.1145/581478.581484},
  acmid = {581484},
  publisher = {ACM},
  address = {New York, NY, USA},
  keywords = {behavioral specifications, contracts, higher-order functions, predicate typing, solfware reliability},
}

@inproceedings{flanagan2006htc,
  author = {Flanagan, Cormac},
  title = {{Hybrid Type Checking}},
  booktitle = {{Conference record of the 33rd ACM SIGPLAN-SIGACT
                Symposium on Principles of Programming Languages}},
  series = {POPL 2006},
  year = {2006},
  isbn = {1-59593-027-2},
  location = {Charleston, South Carolina, USA},
  pages = {245--256},
  numpages = {12},
  url = {http://doi.acm.org/10.1145/1111037.1111059},
  doi = {10.1145/1111037.1111059},
  acmid = {1111059},
  publisher = {ACM},
  address = {New York, NY, USA},
  keywords = {contracts, dynamic checking, static checking, type systems},
}

@inproceedings{fleutot2007contrasting,
  title = {{Contrasting compile-time meta-programming in Metalua and Converge}},
  author = {Fleutot, Fabien and Tratt, Laurence},
  booktitle = {{Proceedings of the Workshop on Dynamic Languages and Applications}},
  year = {2007},
}

@inproceedings{gronski2006sage,
  author = {Jessica Gronski and Kenneth Knowles and Aaron Tomb and Stephen N. Freund and Cormac Flanagan},
  title = {{Sage: Hybrid Checking for Flexible Specifications}},
  booktitle = {Scheme and Functional Programming Workshop},
  year = 2006,
  month = {September},
  pages = {93--104}
}

@article{henglein1994dts,
  author = {Henglein, Fritz},
  title = {Dynamic typing: syntax and proof theory},
  journal = {{Science of Computer Programming}},
  issue_date = {June 1994},
  volume = {22},
  number = {3},
  month = jun,
  year = {1994},
  issn = {0167-6423},
  pages = {197--230},
  numpages = {34},
  url = {http://dx.doi.org/10.1016/0167-6423(94)00004-2},
  doi = {10.1016/0167-6423(94)00004-2},
  acmid = {190867},
  publisher = {Elsevier North-Holland, Inc.},
  address = {Amsterdam, The Netherlands, The Netherlands},
}

@inproceedings{herman2007sgt,
  author = {David Herman and Aaron Tomb and Cormac Flanagan},
  title = {{Space-Efficient Gradual Typing}},
  booktitle = {Trends in Functional Programming},
  year = {2007}
}

@inproceedings{hisham2013luarocks,
  title = {{LuaRocks - a declarative and extensible package management system for Lua}},
  author = {Muhammad, Hisham and Mascarenhas, Fabio and Ierusalimschy, Roberto},
  booktitle = {Brazilian Symposium on Programming Languages},
  pages = {16--30},
  year = {2013},
  publisher = {Springer}
}

@inproceedings{ina2009tgt,
  author = {Ina, Lintaro and Igarashi, Atsushi},
  title = {{Towards Gradual Typing for Generics}},
  booktitle = {{Proceedings for the 1st Workshop on Script to Program Evolution}},
  series = {STOP 2009},
  year = {2009},
  isbn = {978-1-60558-543-7},
  location = {Genova, Italy},
  pages = {17--29},
  numpages = {13},
  url = {http://doi.acm.org/10.1145/1570506.1570509},
  doi = {10.1145/1570506.1570509},
  acmid = {1570509},
  publisher = {ACM},
  address = {New York, NY, USA},
}

@article{knowles2010htc,
  author = {Knowles, Kenneth and Flanagan, Cormac},
  title = {{Hybrid Type Checking}},
  journal = {{ACM Transactions on Programming Languages and Systems}},
  issue_date = {January 2010},
  volume = {32},
  number = {2},
  month = feb,
  year = {2010},
  issn = {0164-0925},
  pages = {6:1--6:34},
  articleno = {6},
  numpages = {34},
  url = {http://doi.acm.org/10.1145/1667048.1667051},
  doi = {10.1145/1667048.1667051},
  acmid = {1667051},
  publisher = {ACM},
  address = {New York, NY, USA},
  keywords = {Type systems, contracts, dynamic checking, static checking},
}

@inproceedings{lehtosalo2011alore,
  author = {Jukka Lehtosalo and David J. Greaves},
  title = {{Language with a Pluggable Type System and Optional Runtime Monitoring of Type Errors}},
  booktitle = {STOP 2011 International Workshop on Scripts to Programs},
  month = {January},
  year = {2011},
}

@inproceedings{matthews2007osm,
  author = {Matthews, Jacob and Findler, Robert Bruce},
  title = {{Operational Semantics for Multi-Language Programs}},
  booktitle = {{POPL 2007: Proceedings of the 34th ACM SIGPLAN-SIGACT
                Symposium on Principles of Programming Languages}},
  series = {POPL 2007},
  year = {2007},
  isbn = {1-59593-575-4},
  location = {Nice, France},
  pages = {3--10},
  numpages = {8},
  url = {http://doi.acm.org/10.1145/1190216.1190220},
  doi = {10.1145/1190216.1190220},
  acmid = {1190220},
  publisher = {ACM},
  address = {New York, NY, USA},
  keywords = {interoperability, multi-language systems, operational semantics},
}

@article{matthews2009osm,
  author = {Matthews, Jacob and Findler, Robert Bruce},
  title = {{Operational Semantics for Multi-Language Programs}},
  journal = {{ACM Transactions on Programming Languages and Systems}},
  issue_date = {April 2009},
  volume = {31},
  number = {3},
  month = apr,
  year = {2009},
  issn = {0164-0925},
  pages = {12:1--12:44},
  articleno = {12},
  numpages = {44},
  url = {http://doi.acm.org/10.1145/1498926.1498930},
  doi = {10.1145/1498926.1498930},
  acmid = {1498930},
  publisher = {ACM},
  address = {New York, NY, USA},
  keywords = {Operational semantics, interoperability},
}

@inproceedings{meijer2004sxd,
  author = {Erik Meijer and Peter Drayton},
  title = {{Static Typing Where Possible, Dynamic Typing When Needed:
            The End of the Cold War Between Programming Languages}},
  booktitle = {OOPSLA 2004 Workshop on Revival of Dynamic Languages},
  month = {October},
  year = {2004},
}

@book{moock2007as3,
  author = {Colin Moock},
  title = {Essential ActionScript 3.0},
  year = {2007},
  publisher = {O'Reilly},
}

@inproceedings{ou2004dtd,
  author = {Xinming Ou and Gang Tan and Yitzhak M and David Walker},
  title = {{Dynamic Typing with Dependent Types}},
  booktitle = {In IFIP International Conference on Theoretical Computer Science},
  year = {2004},
  pages = {437--450}
}

@article{pierce2000lti,
  title = {{Local Type Inference}},
  author = {Pierce, Benjamin C and Turner, David N},
  journal = {{ACM Transactions on Programming Languages and Systems (TOPLAS)}},
  volume = {22},
  number = {1},
  pages = {1--44},
  year = {2000},
  publisher = {ACM}
}

@book{pierce2002tpl,
 author = {Pierce, Benjamin C.},
 title = {Types and Programming Languages},
 year = {2002},
 isbn = {0-262-16209-1},
 publisher = {MIT Press},
 address = {Cambridge, MA, USA},
}

@inproceedings{rastogi2012inout,
  author = {Rastogi, Aseem and Chaudhuri, Avik and Hosmer, Basil},
  title = {{The Ins and Outs of Gradual Type Inference}},
  booktitle = {{Proceedings of the 39th annual ACM SIGPLAN-SIGACT
               Symposium on Principles of Programming Languages}},
  series = {POPL 2012},
  year = {2012},
  isbn = {978-1-4503-1083-3},
  location = {Philadelphia, PA, USA},
  pages = {481--494},
  numpages = {14},
  url = {http://doi.acm.org/10.1145/2103656.2103714},
  doi = {10.1145/2103656.2103714},
  acmid = {2103714},
  publisher = {ACM},
  address = {New York, NY, USA},
  keywords = {actionscript, gradual typing, type inference},
}

@inproceedings{siek2006gradual,
  author = {Jeremy G. Siek and Walid Taha},
  title = {{Gradual Typing for Functional Languages}},
  booktitle = {Scheme and Functional Programming Workshop},
  year = 2006,
  month = {September},
  pages = {81--92}, 
}

@techreport{siek2006proof,
  author = {Jeremy G. Siek and Walid Taha},
  title = {{Gradual Typing: Isabelle/Isar Formalization}},
  institution = {Rice University},
  year = 2006,
  number = {TR06-874},
  month = {April} 
}

@inproceedings{siek2007objects,
  author = {Jeremy G. Siek and Walid Taha},
  title = {{Gradual Typing for Objects}},
  booktitle = {{ECOOP 2007: 21st European Conference on
               Object-Oriented Programming}},
  year = {2007}
}

@inproceedings{siek2008inference,
  author = {Jeremy G. Siek and Manish Vachharajani},
  title = {{Gradual Typing with Unification-based Inference}},
  booktitle = {Dynamic Languages Symposium},
  year = 2008,
  month = {July}
}

@inproceedings{siek2009casts,
  author = {Jeremy G. Siek and Ronald Garcia and Walid Taha},
  title = {{Exploring the Design Space of Higher-Order Casts}},
  booktitle = {European Symposium on Programming},
  month = {March},
  year = {2009}
}

@inproceedings{siek2010blame,
  author = {Siek, Jeremy G. and Wadler, Philip},
  title = {{Threesomes, With and Without Blame}},
  booktitle = {{Proceedings of the 37th annual ACM SIGPLAN-SIGACT
                Symposium on Principles of Programming Languages}},
  series = {POPL 2010},
  year = {2010},
  isbn = {978-1-60558-479-9},
  location = {Madrid, Spain},
  pages = {365--376},
  numpages = {12},
  url = {http://doi.acm.org/10.1145/1706299.1706342},
  doi = {10.1145/1706299.1706342},
  acmid = {1706342},
  publisher = {ACM},
  address = {New York, NY, USA},
  keywords = {blame tracking, casts, coercions, lambda-calculus},
}

@techreport{siek2013mutable,
  author = {Jeremy G. Siek and Michael M. Vitousek and Shashank Bharadwaj},
  title = {{Gradual Typing for Mutable Objects}},
  institution = {University of Colorado},
  year = 2013,
  note = {[to be published]}
}

@inproceedings{steele1982ocl,
  author = {Steele,Jr., Guy L.},
  title = {{An overview of COMMON LISP}},
  booktitle = {{Proceedings of the 1982 ACM Symposium on
                LISP and Functional Programming}},
  series = {LFP 1982},
  year = {1982},
  isbn = {0-89791-082-6},
  location = {Pittsburgh, Pennsylvania, USA},
  pages = {98--107},
  numpages = {10},
  url = {http://doi.acm.org/10.1145/800068.802140},
  doi = {10.1145/800068.802140},
  acmid = {802140},
  publisher = {ACM},
  address = {New York, NY, USA},
} 

@inproceedings{tang2007pri,
  author = {Tang, Audrey},
  title = {{Perl 6: Reconciling the Irreconcilable}},
  booktitle = {{POPL 2007: Proceedings of the 34th ACM SIGPLAN-SIGACT
                Symposium on Principles of Programming Languages}},
  series = {POPL 2007},
  year = {2007},
  isbn = {1-59593-575-4},
  location = {Nice, France},
  pages = {1--1},
  numpages = {1},
  url = {http://doi.acm.org/10.1145/1190216.1190218},
  doi = {10.1145/1190216.1190218},
  acmid = {1190218},
  publisher = {ACM},
  address = {New York, NY, USA},
}

@inproceedings{takikawa2012gtf,
  author = {Takikawa, Asumu and Strickland, T. Stephen and Dimoulas, Christos and Tobin-Hochstadt, Sam and Felleisen, Matthias},
  title = {{Gradual Typing for First-Class Classes}},
  booktitle = {{Proceedings of the ACM international Conference on Object
              Oriented Programming Systems Languages and Applications}},
  series = {OOPSLA 2012},
  year = {2012},
  isbn = {978-1-4503-1561-6},
  location = {Tucson, Arizona, USA},
  pages = {793--810},
  numpages = {18},
  url = {http://doi.acm.org/10.1145/2384616.2384674},
  doi = {10.1145/2384616.2384674},
  acmid = {2384674},
  publisher = {ACM},
  address = {New York, NY, USA},
  keywords = {blame theorem (proof technique), contracts, design by contract, first-class classes, gradual typing, row polymorphism, sealing},
}

@inproceedings{thatte1990qst,
  author = {Thatte, Satish},
  title = {Quasi-static typing},
  booktitle = {{Proceedings of the 17th ACM SIGPLAN-SIGACT
               Symposium on Principles of Programming Languages}},
  series = {POPL 1990},
  year = {1990},
  isbn = {0-89791-343-4},
  location = {San Francisco, California, USA},
  pages = {367--381},
  numpages = {15},
  url = {http://doi.acm.org/10.1145/96709.96747},
  doi = {10.1145/96709.96747},
  acmid = {96747},
  publisher = {ACM},
  address = {New York, NY, USA},
}

@inproceedings{tobin-hochstadt2006ims,
  author = {Tobin-Hochstadt, Sam and Felleisen, Matthias},
  title = {{Interlanguage Migration: From Scripts to Programs}},
  booktitle = {{Companion to the 21st ACM SIGPLAN Symposium on
               Object-Oriented Programming Systems, Languages, and Applications}},
  series = {OOPSLA 2006},
  year = {2006},
  isbn = {1-59593-491-X},
  location = {Portland, Oregon, USA},
  pages = {964--974},
  numpages = {11},
  url = {http://doi.acm.org/10.1145/1176617.1176755},
  doi = {10.1145/1176617.1176755},
  acmid = {1176755},
  publisher = {ACM},
  address = {New York, NY, USA},
  keywords = {{\$\lambda\$}-calculus, contract, interlanguage migration, module systems},
}

@inproceedings{tobin-hochstadt2008ts,
  author = {Tobin-Hochstadt, Sam and Felleisen, Matthias},
  title = {{The Design and Implementation of Typed Scheme}},
  booktitle = {{Proceedings of the 35th annual ACM SIGPLAN-SIGACT
               Symposium on Principles of Programming Languages}},
  series = {POPL 2008},
  year = {2008},
  isbn = {978-1-59593-689-9},
  location = {San Francisco, California, USA},
  pages = {395--406},
  numpages = {12},
  url = {http://doi.acm.org/10.1145/1328438.1328486},
  doi = {10.1145/1328438.1328486},
  acmid = {1328486},
  publisher = {ACM},
  address = {New York, NY, USA},
  keywords = {scheme, type systems},
}

@inproceedings{wadler2009wpc,
  author = {Wadler, Philip and Findler, Robert Bruce},
  title = {{Well-Typed Programs Can't Be Blamed}},
  booktitle = {{Proceedings of the 18th European Symposium on Programming Languages and Systems:
               Held as Part of the Joint European Conferences on Theory and Practice of Software, ETAPS 2009}},
  series = {ESOP 2009},
  year = {2009},
  isbn = {978-3-642-00589-3},
  location = {York, UK},
  pages = {1--16},
  numpages = {16},
  acmid = {1532976},
  publisher = {Springer-Verlag},
  address = {Berlin, Heidelberg},
}

@article{wells1999typability,
  title = {{Typability and Type Checking in System F Are Equivalent and Undecidable}},
  author = {Wells, Joe B},
  journal = {Annals of Pure and Applied Logic},
  volume = {98},
  number = {1},
  pages = {111--156},
  year = {1999},
  publisher = {Elsevier}
}

@inproceedings{wolff2011gradual,
  author = {Wolff, Roger and Garcia, Ronald and Tanter, Eric and Aldrich, Jonathan},
  title = {{Gradual Typestate}},
  booktitle = {{Proceedings of the 25th European Conference on Object-Oriented Programming}},
  series = {ECOOP 2010},
  pages = {459--483},
  year = {2011},
  publisher = {Springer}
}

@inproceedings{wrigstad2010itu,
  author = {Wrigstad, Tobias and Nardelli, Francesco Zappa and Lebresne, Sylvain and \"{O}stlund, Johan and Vitek, Jan},
  title = {{Integrating Typed and Untyped Code in a Scripting Language}},
  booktitle = {{Proceedings of the 37th annual ACM SIGPLAN-SIGACT
               Symposium on Principles of Programming Languages}},
  series = {POPL 2010},
  year = {2010},
  isbn = {978-1-60558-479-9},
  location = {Madrid, Spain},
  pages = {377--388},
  numpages = {12},
  url = {http://doi.acm.org/10.1145/1706299.1706343},
  doi = {10.1145/1706299.1706343},
  acmid = {1706343},
  publisher = {ACM},
  address = {New York, NY, USA},
  keywords = {compilers, object-orientation, semantics, types},
}

% web sites

@misc{actionscript,
  author = {Gary Grossman},
  title = {{ActionScript}},
  year = {1998},
  howpublished = {\url{http://www.adobe.com/devnet/actionscript.html}},
  note = {[Visited on September 2013]}, 
}

@misc{common-lisp,
  author = {{ANSI X3J13 committee}},
  title = {{Common Lisp}},
  year = {1994},
  howpublished = {\url{http://common-lisp.net/}},
  note = {[Visited on September 2013]}, 
}

@misc{dart,
  author = {Google},
  title = {{Dart}},
  year = {2011},
  howpublished = {\url{https://www.dartlang.org/}},
  note = {[Visited on September 2013]}, 
}

@misc{luainspect,
  author = {Manura, David},
  title = {{LuaInspect}},
  year = {2011},
  howpublished = {\url{https://github.com/davidm/lua-inspect}},
  note = {[Visited on March 2013]},
}

@misc{metalua,
  author = {Fleutot, Fabien},
  title = {{Metalua - Static meta-programming for Lua}},
  year = {2007},
  howpublished = {\url{https://github.com/fab13n/metalua}},
  note = {[Visited on March 2013]},
}

@misc{moonscript,
  author = {Corcoran, Leaf},
  title = {{MoonScript - A programmer friendly language that compiles to Lua}},
  year = {2011},
  howpublished = {\url{http://moonscript.org/}},
  note = {[Visited on March 2013]},
}

@misc{reticulated,
  author = {Michael Vitousek},
  title = {{Reticulated Python}},
  year = {2013},
  howpublished = {\url{https://github.com/mvitousek/reticulated}},
  note = {[Visited on September 2013]}, 
}

@misc{strongtalktypesystem,
  author = {Gilad Bracha},
  title = {{The Strongtalk Type System for Smalltalk}},
  year = {1993},
  howpublished = {\url{http://www.bracha.org/nwst.html}},
  note = {[Visited on September 2013]}, 
}

@misc{tidallock,
  author = {Fleutot, Fabien},
  title = {{Tidal Lock: Gradual Static Typing for Lua}},
  year = {2013},
  howpublished = {\url{https://github.com/fab13n/metalua/tree/tilo/src/tilo}},
  note = {[Visited on March 2013]},
}

@misc{typedclojure,
  author = {Ambrose Bonnaire-Sergeant and Rich Hickey},
  title = {{Typed Clojure}},
  year = {2012},
  howpublished = {\url{https://github.com/clojure/core.typed}},
  note = {[Visited on September 2013]}, 
}

@misc{typedracket,
  author = {Sam Tobin-Hochstadt and Vincent St-Amour},
  title = {{Typed Racket}},
  year = {2013},
  howpublished = {\url{http://docs.racket-lang.org/ts-guide/}},
  note = {[Visited on September 2013]}, 
}

@misc{typescript,
  author = {Microsoft},
  title = {{TypeScript}},
  year = {2012},
  howpublished = {\url{http://www.typescriptlang.org/}},
  note = {[Visited on September 2013]}, 
}

